@article{millard2017software,
  title={Software Application Profile: PHESANT: a tool for performing automated phenome scans in UK Biobank},
  author={Millard, Louise AC and Davies, Neil M and Gaunt, Tom R and Davey Smith, George and Tilling, Kate},
  journal={International journal of epidemiology},
  year={2017}
}



@article {Li1039,
	author = {Li, Xue and Meng, Xiangrui and Spiliopoulou, Athina and Timofeeva, Maria and Wei, Wei-Qi and Gifford, Aliya and Shen, Xia and He, Yazhou and Varley, Tim and McKeigue, Paul and Tzoulaki, Ioanna and Wright, Alan F and Joshi, Peter and Denny, Joshua C and Campbell, Harry and Theodoratou, Evropi},
	title = {MR-PheWAS: exploring the causal effect of SUA level on multiple disease outcomes by using genetic instruments in UK Biobank},
	volume = {77},
	number = {7},
	pages = {1039--1047},
	year = {2018},
	doi = {10.1136/annrheumdis-2017-212534},
	publisher = {BMJ Publishing Group Ltd},
	issn = {0003-4967},
	URL = {https://ard.bmj.com/content/77/7/1039},
	eprint = {https://ard.bmj.com/content/77/7/1039.full.pdf},
	journal = {Annals of the Rheumatic Diseases}
}


@article{denny2013systematic,
  title={Systematic comparison of phenome-wide association study of electronic medical record data and genome-wide association study data},
  author={Denny, Joshua C and Bastarache, Lisa and Ritchie, Marylyn D and Carroll, Robert J and Zink, Raquel and Mosley, Jonathan D and Field, Julie R and Pulley, Jill M and Ramirez, Andrea H and Bowton, Erica and others},
  journal={Nature biotechnology},
  volume={31},
  number={12},
  pages={1102},
  year={2013},
  publisher={Nature Publishing Group}
}



@article{corvol2018slc26a9,
  title={SLC26A9 gene is associated with lung function response to ivacaftor in patients with cystic fibrosis},
  author={Corvol, Harriet and M{\'e}sin{\`e}le, Julie and Douksieh, Isman-Hassan and Strug, Lisa Joanna and Bo{\"e}lle, Pierre-Yves and Guillot, Lo{\"\i}c},
  journal={Frontiers in Pharmacology},
  volume={9},
  pages={828},
  year={2018},
  publisher={Frontiers}
}



@article{strug2016cystic,
  title={Cystic fibrosis gene modifier SLC26A9 modulates airway response to CFTR-directed therapeutics},
  author={Strug, Lisa J and Gonska, Tanja and He, Gengming and Keenan, Katherine and Ip, Wan and Boelle, Pierre-Yves and Lin, Fan and Panjwani, Naim and Gong, Jiafen and Li, Weili and others},
  journal={Human molecular genetics},
  volume={25},
  number={20},
  pages={4590--4600},
  year={2016},
  publisher={Oxford University Press}
}


@article{Blackman2013Genetic,
author = {Blackman, Scott and Commander, Clayton and Watson, Christopher and M Arcara, Kristin and Strug, Lisa and R Stonebraker, Jaclyn and A Wright, Fred and Rommens, Johanna and Sun, Lei and G Pace, Rhonda and A Norris, Sarah and Durie, Peter and Drumm, Mitchell and Knowles, Michael and R Cutting, Garry},
year = {2013},
month = {05},
pages = {},
title = {Genetic Modifiers of Cystic Fibrosis–Related Diabetes},
volume = {62},
journal = {Diabetes},
doi = {10.2337/db13-0510}
}



@article{carroll2014r,
  title={R {PheWAS}: data analysis and plotting tools for phenome-wide association studies in the R environment},
  author={Carroll, Robert J and Bastarache, Lisa and Denny, Joshua C},
  journal={Bioinformatics},
  volume={30},
  number={16},
  pages={2375--2376},
  year={2014},
  publisher={Oxford University Press}
}

@Manual{R2017,
    title = {R: A Language and Environment for Statistical Computing},
    author = {{R Core Team}},
    organization = {R Foundation for Statistical Computing},
    address = {Vienna, Austria},
    year = {2017},
    url = {https://www.R-project.org/},
  }

@Manual{wickham2018dplyr,
    title = {dplyr: A Grammar of Data Manipulation},
    author = {Hadley Wickham and Romain François and Lionel Henry and Kirill Müller},
    year = {2018},
    note = {R package version 0.7.8},
    url = {https://CRAN.R-project.org/package=dplyr},
  }

@Manual{Yoshida2018tableone,
    title = {tableone: Create 'Table 1' to Describe Baseline Characteristics},
    author = {Kazuki Yoshida and Justin Bohn.},
    year = {2018},
    note = {R package version 0.9.2},
    url = {https://CRAN.R-project.org/package=tableone},
  }


@article{Xiao2016cystic,
    author = {Xiao, Bowei and Lin, Fan and He, Gengming and Gong, Jiafen and Panjwani, Naim and Soave, David and Strug, Lisa J. and Rommens, Johanna M. and Li, Weili and Rabin, Harvey and Parkins, Michael D. and Price, April and Zuberbuhler, Peter C. and Bear, Christine E. and Sun, Lei and Gonska, Tanja and Keenan, Katherine and Ip, Wan and Ratjen, Felix and Corvol, Harriet and Boëlle, Pierre-Yves and Tullis, Elizabeth},
    title = "{Cystic fibrosis gene modifier SLC26A9 modulates airway response to CFTR-directed therapeutics}",
    journal = {Human Molecular Genetics},
    volume = {25},
    number = {20},
    pages = {4590-4600},
    year = {2016},
    month = {08},
    issn = {0964-6906},
    doi = {10.1093/hmg/ddw290},
    url = {https://dx.doi.org/10.1093/hmg/ddw290},
    eprint = {http://oup.prod.sis.lan/hmg/article-pdf/25/20/4590/24338020/ddw290.pdf},
}


@article{sudlow2015uk,
  title={UK biobank: an open access resource for identifying the causes of a wide range of complex diseases of middle and old age},
  author={Sudlow, Cathie and Gallacher, John and Allen, Naomi and Beral, Valerie and Burton, Paul and Danesh, John and Downey, Paul and Elliott, Paul and Green, Jane and Landray, Martin and others},
  journal={PLoS medicine},
  volume={12},
  number={3},
  pages={e1001779},
  year={2015},
  publisher={Public Library of Science}
}

@article{cohn1998relation,
  title={Relation between mutations of the cystic fibrosis gene and idiopathic pancreatitis},
  author={Cohn, Jonathan A and Friedman, Kenneth J and Noone, Peadar G and Knowles, Michael R and Silverman, Lawrence M and Jowell, Paul S},
  journal={New England Journal of Medicine},
  volume={339},
  number={10},
  pages={653--658},
  year={1998},
  publisher={Mass Medical Soc}
}


@article{wei2017evaluating,
  title={Evaluating phecodes, clinical classification software, and ICD-9-CM codes for phenome-wide association studies in the electronic health record},
  author={Wei, Wei-Qi and Bastarache, Lisa A and Carroll, Robert J and Marlo, Joy E and Osterman, Travis J and Gamazon, Eric R and Cox, Nancy J and Roden, Dan M and Denny, Joshua C},
  journal={PloS one},
  volume={12},
  number={7},
  pages={e0175508},
  year={2017},
  publisher={Public Library of Science}
}


@article{wu2018developing,
  title={Developing and Evaluating Mappings of ICD-10 and ICD-10-CM codes to Phecodes},
  author={Wu, Patrick and Gifford, Aliya and Meng, Xiangrui and Li, Xue and Campbell, Harry and Varley, Tim and Zhao, Juan and Carroll, Robert and Bastarache, Lisa and Denny, Joshua C and others},
  journal={BioRxiv},
  pages={462077},
  year={2018},
  publisher={Cold Spring Harbor Laboratory}
}





@article{uppu2018review,
  title={A review on methods for detecting SNP interactions in high-dimensional genomic data},
  author={Uppu, Suneetha and Krishna, Aneesh and Gopalan, Raj P},
  journal={IEEE/ACM transactions on computational biology and bioinformatics},
  volume={15},
  number={2},
  pages={599--612},
  year={2018},
  publisher={IEEE}
}



@article{clarke2011basic,
  title={Basic statistical analysis in genetic case-control studies},
  author={Clarke, Geraldine M and Anderson, Carl A and Pettersson, Fredrik H and Cardon, Lon R and Morris, Andrew P and Zondervan, Krina T},
  journal={Nature protocols},
  volume={6},
  number={2},
  pages={121},
  year={2011},
  publisher={Nature Publishing Group}
}



@article{cohen2011managing,
  title={Managing cystic fibrosis: strategies that increase life expectancy and improve quality of life},
  author={Cohen-Cymberknoh, Malena and Shoseyov, David and Kerem, Eitan},
  journal={American journal of respiratory and critical care medicine},
  volume={183},
  number={11},
  pages={1463--1471},
  year={2011},
  publisher={American Thoracic Society}
}


@article{corvol2015genome,
  title={Genome-wide association meta-analysis identifies five modifier loci of lung disease severity in cystic fibrosis},
  author={Corvol, Harriet and Blackman, Scott M and Bo{\"e}lle, Pierre-Yves and Gallins, Paul J and Pace, Rhonda G and Stonebraker, Jaclyn R and Accurso, Frank J and Clement, Annick and Collaco, Joseph M and Dang, Hong and others},
  journal={Nature communications},
  volume={6},
  pages={8382},
  year={2015},
  publisher={Nature Publishing Group}
}
